@misc{microjpm,
  author = {{MicroJPM}},
  title = {MicroJPM Website},
  url = {https://www.microjpm.com/}
}

@manual{datasheet,
  title = {{Arduino UNO R3: Product Reference Manual}},
  author = {Arduino},
  url = {https://docs.arduino.cc/resources/datasheets/A000066-datasheet.pdf},
}

@manual{pullup,
  title = {Digital Pins},
  author = {Arduino},
  url = {https://docs.arduino.cc/learn/microcontrollers/digital-pins},
}

@manual{pcd,
  title = {{PCD8544 library for Arduino}},
  author = {Carlos Rodr√≠guez},
  url = {https://github.com/carlosefr/pcd8544/},
}

@manual{atmega,
  title = {{ATMega328P: 8-bit AVR microcontroller with 32K bytes in-system programmable flash}},
  author = {Atmel},
  url = {https://ww1.microchip.com/downloads/en/DeviceDoc/Atmel-7810-Automotive-Microcontrollers-ATmega328P_Datasheet.pdf},
}

@misc{boton,
    title = {Switch Bounce and How to Deal with It},
    author = {Jens Christoffersen},
    url = {https://www.allaboutcircuits.com/technical-articles/switch-bounce-how-to-deal-with-it/}
}

@misc{lab2,
    title = {{GPIO, interrupciones, timers y el ATtiny4313}},
    author = {Marco Villalta-Fallas}
}

@misc{timer,
    title = {{ATtiny85} timer tutorial: generating time delay interrupts},
    author = {{Gadgetronicx team}},
    url = {https://www.gadgetronicx.com/attiny85-timer-tutorial-generating-time-delay-interrupts/}
}

@misc{int,
    title = {{avr/interrupt.h: Interrupts}},
    author = {{Standard C library for AVR-GCC group}},
    url = {https://www.nongnu.org/avr-libc/user-manual/group__avr__interrupts.html}
}

@online{electronics-stackexchange,
  title        = {Measure both positive and negative voltages using ADC},
  author         = {Rmano},
  url          = {https://electronics.stackexchange.com/questions/252431/measure-both-positive-and-negative-voltages-using-adc},
}

@online{serial,
  title        = {{pySerial}},
  author         = {Chris Liechti},
  url          = {https://pyserial.readthedocs.io/en/latest/pyserial.html},
}



