@misc{microjpm,
  author = {{MicroJPM}},
  title = {{MicroJPM website}},
  url = {https://www.microjpm.com/}
}

@misc{rms,
  author = {Martin Stokroos},
  title = {True {RMS} Library for {Arduino} v1.3},
  url = {https://github.com/MartinStokroos/TrueRMS/tree/master}
}

@misc{lcd,
  author = {Frank de Brabander},
  title = {Library for {I2C} {LCD} displays},
  url = {https://reference.arduino.cc/reference/en/libraries/liquidcrystal-i2c/}
}

@misc{boton,
    title = {Switch Bounce and How to Deal with It},
    author = {Jens Christoffersen},
    url = {https://www.allaboutcircuits.com/technical-articles/switch-bounce-how-to-deal-with-it/}
}

@manual{datasheet,
  title = {{Arduino UNO R3: Product Reference Manual}},
  author = {Arduino},
  url = {https://docs.arduino.cc/resources/datasheets/A000066-datasheet.pdf},
}

@manual{atmega,
  title = {{ATMega328P: 8-bit AVR microcontroller with 32K bytes in-system programmable flash}},
  author = {Atmel},
  url = {https://ww1.microchip.com/downloads/en/DeviceDoc/Atmel-7810-Automotive-Microcontrollers-ATmega328P_Datasheet.pdf},
}

@online{electronics-stackexchange,
  title        = {Measure both positive and negative voltages using {ADC}},
  author         = {Rmano},
  url          = {https://electronics.stackexchange.com/questions/252431/measure-both-positive-and-negative-voltages-using-adc},
}


@online{ferrovial_stem,
  author    = {Ferrovial},
  title     = {Transformadores},
  year      = {6 diciembre 2023},
  url       = {https://www.ferrovial.com/es/stem/transformadores},
}

@online{wiki_transformador_corriente,
  author    = {{Wikipedia}},
  title     = {Transformador de corriente},
  year      = {6 diciembre 2023},
  url       = {https://es.wikipedia.org/wiki/Transformador_de_corriente},
}


@book{hayt,
    author = {William H. Hayt},
    title = {Enginnering circuit analysis},
    publisher = {McGraw-Hill Education},
    year = {2019},
    edition = {9}
}